
@article{Cobourn2018,
author = {Cobourn, Kelly M. and Carey, Cayelan C. and Boyle, Kevin J. and Duffy, Christopher and Dugan, Hilary A. and Farrell, Kaitlin J. and Fitchett, Leah and Hanson, Paul C. and Hart, Julia A. and Henson, Virginia Reilly and Hetherington, Amy L. and Kemanian, Armen R. and Rudstam, Lars G. and Shu, Lele and Soranno, Patricia A. and Sorice, Michael G. and Stachelek, Joseph and Ward, Nicole K. and Weathers, Kathleen C. and Weng, Weizhe and Zhang, Yu},
doi = {10.1002/ecs2.2209},
file = {:Users/leleshu/Library/Application Support/Mendeley Desktop/Downloaded/Cobourn et al. - 2018 - From concept to practice to policy modeling coupled natural and human systems in lake catchments(2).pdf:pdf},
issn = {21508925},
journal = {Ecosphere},
keywords = {eutrophication,freshwaters,multi-disciplinary,pollution,water quality},
month = {may},
number = {5},
pages = {e02209},
title = {{From concept to practice to policy: modeling coupled natural and human systems in lake catchments}},
url = {http://doi.wiley.com/10.1002/ecs2.2209},
volume = {9},
year = {2018}
}
