@article{shu2022,
author = {舒乐乐 and 常燕 and 王建 and 陈昊 and 李照国 and 赵林 and 孟宪红},
doi = {10.11867/j.issn.1001-8166.2022.025},
journal = {地球科学进展},
number = {7},
pages = {680--691},
title = {{SHUD 数值方法分布式水文模型介绍}},
volume = {37},
year = {2022}
}
