@article{shu2024scichina,
abstract = {水文模型是利用数学公式对水文循环过程的描述, 是理解自然界水的时空运动和分布规律的重要工具; 它不仅可以利用观测数据来验证理论的可靠性与适宜性, 还能预测水文变量未来趋势, 实现理解自然与预测自然的目的. 随着计算方法的快速发展、观测与试验手段的持续更新, 目前基于物理过程的地表-地下过程耦合的数值水文模型快速发展. 这种模型以微观尺度的守恒原理和物理公式为基础, 利用数值方法将地表和地下水流进行耦合计算, 从而模拟流域尺度水文响应过程. 由于其物理过程明确、时空分辨率高且利于学科耦合, 数值水文模型已成为水文模型发展的前沿和主流方向之一. 本文阐述了地表-地下过程耦合数值水文模型的理论基础, 从模型框架、数值求解方法、空间表达和耦合算法等方面对比和分析了当前主流数值水文模型, 同时与传统水文模型比较, 厘清了数值水文模型的优劣势, 探讨了未来数值水文模型发展的方向.},
author = {舒乐乐 and 陈昊 and 孟宪红 and 常燕 and 胡立堂 and 王文科 and 束龙仓 and 俞烜 and C, Duffy and 姚莹莹 and 郑东海},
doi = {10.1360/SSTe-2022-0420},
file = {:Users/leleshu/Library/Application Support/Mendeley Desktop/Downloaded/舒乐乐 et al. - 2024 - 地表-地下过程耦合的数值水文模型综述.pdf:pdf;:Users/leleshu/Library/CloudStorage/SynologyDrive-Cloud/文章天下事/MyPublications/Shu et al., 2024c-中国科学-数值模型综述.pdf:pdf},
issn = {1674-7240},
journal = {中国科学：地球科学},
month = {mar},
number = {5},
pages = {1484--1505},
title = {地表-地下过程耦合的数值水文模型综述},
url = {https://engine.scichina.com/doi/10.1360/SSTe-2022-0420},
volume = {54},
year = {2024}
}
